<?xml version="1.0" encoding="UTF-8"?><collection xmlns="http://www.loc.gov/MARC21/slim"><record><leader>00650nam--2200241-u-4500</leader><controlfield tag="001">000050380</controlfield><controlfield tag="002">20161230</controlfield><controlfield tag="003">81738</controlfield><controlfield tag="005">20161230201048</controlfield><controlfield tag="008">070201s1000------------r-----000-0-eng-d</controlfield><datafield ind1=" " ind2=" " tag="020"><subfield code="a">0387239952</subfield></datafield><datafield ind1=" " ind2=" " tag="040"><subfield code="a">IFIN-HH</subfield></datafield><datafield ind1=" " ind2=" " tag="041"><subfield code="a">eng</subfield></datafield><datafield ind1=" " ind2=" " tag="080"><subfield code="a">530.145:531.5</subfield></datafield><datafield ind1="1" ind2=" " tag="100"><subfield code="a">Gomberoff, Andres</subfield></datafield><datafield ind1="1" ind2="0" tag="245"><subfield code="a">Lectures On Quantum Gravity</subfield><subfield code="c">Andres Gomberoff; Donald Marlof (Eds.)</subfield></datafield><datafield ind1=" " ind2=" " tag="260"><subfield code="a">New York</subfield><subfield code="b">Springer Science</subfield><subfield code="c">2005</subfield></datafield><datafield ind1=" " ind2=" " tag="300"><subfield code="a">349p</subfield></datafield><datafield ind1=" " ind2=" " tag="490"><subfield code="a">CECS Series of the Centro de Estudios Cientificos</subfield></datafield><datafield ind1=" " ind2="4" tag="650"><subfield code="a">Quantum gravity</subfield></datafield><datafield ind1="1" ind2=" " tag="700"><subfield code="a">Marolf, Donald</subfield><subfield code="e">ed</subfield></datafield><datafield ind1=" " ind2=" " tag="852"><subfield code="c">530.14</subfield></datafield><datafield ind1=" " ind2=" " tag="CAT"><subfield code="a">Sys</subfield><subfield code="c">20110324</subfield><subfield code="h">154119</subfield></datafield></record></collection>